<collection xmlns="http://www.loc.gov/MARC21/slim">
   <record>
      <leader>01892cam a2200337 i 45 0</leader>
      <controlfield tag="001">6802174</controlfield>
      <controlfield tag="005">20140827143624.0</controlfield>
      <controlfield tag="008">140825s2015    mau      b    001 0 eng  </controlfield>
      <datafield ind1=" " ind2=" " tag="010">
         <subfield code="a">  2014022861</subfield>
      </datafield>
      <datafield ind1=" " ind2=" " tag="020">
         <subfield code="a">9780807033432 (pbk. : alk. paper)</subfield>
      </datafield>
      <datafield ind1=" " ind2=" " tag="020">
         <subfield code="z">9780807033449 (ebook)</subfield>
      </datafield>
      <datafield ind1=" " ind2=" " tag="040">
         <subfield code="a">DLC</subfield>
         <subfield code="b">eng</subfield>
         <subfield code="e">rda</subfield>
         <subfield code="c">DLC</subfield>
         <subfield code="d">DLC</subfield>
         <subfield code="d">AOAC</subfield>
      </datafield>
      <datafield ind1=" " ind2=" " tag="042">
         <subfield code="a">pcc</subfield>
      </datafield>
      <datafield ind1="0" ind2="0" tag="050">
         <subfield code="a">SF427.2</subfield>
         <subfield code="b">.B73 2014</subfield>
      </datafield>
      <datafield ind1="0" ind2="0" tag="082">
         <subfield code="a">636.7/0887</subfield>
         <subfield code="2">23</subfield>
      </datafield>
      <datafield ind1=" " ind2=" " tag="090">
         <subfield code="a">SF 427.2 B73 2015</subfield>
         <subfield code="b">AOAC</subfield>
      </datafield>
      <datafield ind1="1" ind2=" " tag="100">
         <subfield code="a">Brandow, Michael,</subfield>
         <subfield code="d">1959-</subfield>
         <subfield code="0">http://id.loc.gov/authorities/names/n2008022274</subfield>
         <subfield code="0">http://viaf.org/viaf/33926388</subfield>
      </datafield>
      <datafield ind1="1" ind2="2" tag="245">
         <subfield code="a">A matter of breeding :</subfield>
         <subfield code="b">a biting history of pedigree dogs and how the quest for status has harmed man's best friend /</subfield>
         <subfield code="c">Michael Brandow.</subfield>
      </datafield>
      <datafield ind1=" " ind2="1" tag="264">
         <subfield code="a">Boston :</subfield>
         <subfield code="b">Beacon Press,</subfield>
         <subfield code="c">2015</subfield>
      </datafield>
      <datafield ind1=" " ind2=" " tag="300">
         <subfield code="a">xii, 275 pages ;</subfield>
         <subfield code="c">22 cm.</subfield>
      </datafield>
      <datafield ind1=" " ind2=" " tag="336">
         <subfield code="a">text</subfield>
         <subfield code="2">rdacontent</subfield>
         <subfield code="0">http://id.loc.gov/vocabulary/contentTypes/txt</subfield>
      </datafield>
      <datafield ind1=" " ind2=" " tag="337">
         <subfield code="a">unmediated</subfield>
         <subfield code="2">rdamedia</subfield>
         <subfield code="0">http://id.loc.gov/vocabulary/mediaTypes/n</subfield>
      </datafield>
      <datafield ind1=" " ind2=" " tag="338">
         <subfield code="a">volume</subfield>
         <subfield code="2">rdacarrier</subfield>
         <subfield code="0">http://id.loc.gov/vocabulary/carriers/nc</subfield>
      </datafield>
      <datafield ind1=" " ind2=" " tag="504">
         <subfield code="a">Includes bibliographical references (p. 237-261) and index.</subfield>
      </datafield>
      <datafield ind1=" " ind2=" " tag="520">
         <subfield code="a">Social critic Michael Brandow probes the “cult of pedigree” and traces the commercial rise of the purebred dog. Combining consumer studies with sharp commentary, A Matter of Breeding reveals the sordid history of the dog industry and shows how our brand-name pets—from Labs to French bulldogs and everything in between—pay the price with devastatingly poor health.</subfield>
      </datafield>
      <datafield ind1=" " ind2="0" tag="650">
         <subfield code="a">Dogs</subfield>
         <subfield code="x">Breeding.</subfield>
         <subfield code="0">http://id.loc.gov/authorities/subjects/sh87003719</subfield>
      </datafield>
      <datafield ind1=" " ind2="0" tag="650">
         <subfield code="a">Dogs</subfield>
         <subfield code="v">Pedigrees.</subfield>
         <subfield code="0">http://id.loc.gov/authorities/subjects/sh85038816</subfield>
      </datafield>
      <datafield ind1=" " ind2=" " tag="596">
         <subfield code="a">33</subfield>
      </datafield>
      <datafield ind1=" " ind2=" " tag="758">
         <subfield code="0">http://worldcat.org/entity/work/id/4155027</subfield>
      </datafield>
      <datafield ind1="0" ind2=" " tag="787">
         <subfield code="n">OCLC Work Id</subfield>
         <subfield code="o">http://worldcat.org/entity/work/id/4155027</subfield>
      </datafield>
      <datafield ind1=" " ind2=" " tag="926">
         <subfield code="a">SF 427.2 B73 2015</subfield>
         <subfield code="w">LC</subfield>
         <subfield code="c">1</subfield>
         <subfield code="i">0164000902472</subfield>
         <subfield code="l">ON_SHELF</subfield>
         <subfield code="m">OLDS</subfield>
         <subfield code="r">Y</subfield>
         <subfield code="s">Y</subfield>
         <subfield code="t">BOOK</subfield>
         <subfield code="u">2/10/2015</subfield>
      </datafield>
   </record>
</collection>
